<?xml version="1.0" encoding="UTF-8"?><collection xmlns="http://www.loc.gov/MARC21/slim"><record><leader>00364nam--2200133-i-4500</leader><controlfield tag="001">000011528</controlfield><controlfield tag="002">20161230</controlfield><controlfield tag="005">20161230201029</controlfield><controlfield tag="008">060222s1000------------r-----000-0-eng-d</controlfield><datafield ind1=" " ind2=" " tag="080"><subfield code="a">53(03):801.3.82=590</subfield></datafield><datafield ind1=" " ind2=" " tag="100"><subfield code="a">Andreescu, Ludmila Si Gavrilas, Mariana</subfield></datafield><datafield ind1=" " ind2=" " tag="245"><subfield code="a">Dictionar de fizica rus-roman</subfield></datafield><datafield ind1=" " ind2=" " tag="260"><subfield code="a">Bucuresti, Editura Tehnica, 1975 519 P</subfield></datafield><datafield ind1=" " ind2=" " tag="852"><subfield code="a">D.509</subfield></datafield></record></collection>